<record><leader>00000cas a22000007a 4500</leader><controlfield tag="001">14392604</controlfield><controlfield tag="008">861014d18751876mouwr ne      0    0eng d</controlfield><datafield ind1=" " ind2=" " tag="010"><subfield code="a">sn 86053772 </subfield></datafield><datafield ind1=" " ind2=" " tag="040"><subfield code="a">NPX</subfield><subfield code="b">eng</subfield><subfield code="c">NPX</subfield><subfield code="d">OCLCQ</subfield></datafield><datafield ind1=" " ind2=" " tag="042"><subfield code="a">msc</subfield></datafield><datafield ind1="0" ind2="4" tag="245"><subfield code="a">The Appleton Democrat.</subfield></datafield><datafield ind1="3" ind2="0" tag="246"><subfield code="a">Appleton City Democrat</subfield></datafield><datafield ind1=" " ind2=" " tag="260"><subfield code="a">Appleton City, Mo. :</subfield><subfield code="b">John R. Hopkins</subfield></datafield><datafield ind1=" " ind2=" " tag="300"><subfield code="a">v. ;</subfield><subfield code="c">64 cm.</subfield></datafield><datafield ind1=" " ind2=" " tag="310"><subfield code="a">Weekly</subfield></datafield><datafield ind1="1" ind2=" " tag="362"><subfield code="a">Began with Nov. 2, 1875 issue; ceased with June 1, 1876 issue.</subfield><subfield code="z">Cf. Taft. W.H. Mo. newspapers.</subfield></datafield><datafield ind1=" " ind2=" " tag="500"><subfield code="a">Editor: F.H. Woodbury, &lt;1876&gt;.</subfield></datafield><datafield ind1=" " ind2=" " tag="588"><subfield code="a">Description based on: Vol. 1, no. 15 (Mar. 9, 1876).</subfield></datafield><datafield ind1=" " ind2=" " tag="752"><subfield code="a">United States</subfield><subfield code="b">Missouri</subfield><subfield code="c">Saint Clair</subfield><subfield code="d">Appleton City.</subfield></datafield><datafield ind1="0" ind2="0" tag="780"><subfield code="t">Osceola Democrat (Osceola, Mo.)</subfield></datafield><datafield ind1="1" ind2=" " tag="029"><subfield code="a">AU@</subfield><subfield code="b">000025794712</subfield></datafield></record>